<record><leader>00000cas a2200000 a 4500</leader><controlfield tag="001">9381262</controlfield><controlfield tag="008">830406d18371837mauwr ne      0   a0eng c</controlfield><datafield ind1=" " ind2=" " tag="010"><subfield code="a">sn 83020523 </subfield></datafield><datafield ind1=" " ind2=" " tag="040"><subfield code="a">NPX</subfield><subfield code="b">eng</subfield><subfield code="c">NPX</subfield><subfield code="d">DLC</subfield><subfield code="d">MGN</subfield><subfield code="d">CNW</subfield><subfield code="d">IUL</subfield><subfield code="d">OCL</subfield><subfield code="d">NYS</subfield><subfield code="d">OCLCG</subfield><subfield code="d">BUF</subfield><subfield code="d">OCLCQ</subfield><subfield code="d">OCLCA</subfield><subfield code="d">OCLCF</subfield><subfield code="d">OCLCO</subfield><subfield code="d">DLC</subfield></datafield><datafield ind1="0" ind2=" " tag="022"><subfield code="a">2575-9507</subfield><subfield code="2">1</subfield></datafield><datafield ind1=" " ind2=" " tag="042"><subfield code="a">pcc</subfield><subfield code="a">nsdp</subfield></datafield><datafield ind1=" " ind2=" " tag="043"><subfield code="a">n-us-ma</subfield></datafield><datafield ind1="0" ind2="0" tag="050"><subfield code="a">Newspaper 8295</subfield></datafield><datafield ind1="1" ind2="4" tag="050"><subfield code="a">AN201</subfield><subfield code="b">.H27</subfield></datafield><datafield ind1="0" ind2=" " tag="130"><subfield code="a">Haverhill gazette (Haverhill, Mass. : 1837)</subfield></datafield><datafield ind1=" " ind2="0" tag="222"><subfield code="a">Haverhill gazette</subfield><subfield code="b">(Haverhill, Mass. 1837)</subfield></datafield><datafield ind1="1" ind2="0" tag="245"><subfield code="a">Haverhill gazette.</subfield></datafield><datafield ind1=" " ind2=" " tag="260"><subfield code="a">Haverhill, Mass. :</subfield><subfield code="b">Spofford &amp; Harris,</subfield><subfield code="c">1837.</subfield></datafield><datafield ind1=" " ind2=" " tag="300"><subfield code="a">1 v. ;</subfield><subfield code="c">54 cm.</subfield></datafield><datafield ind1=" " ind2=" " tag="310"><subfield code="a">Weekly</subfield></datafield><datafield ind1="0" ind2=" " tag="362"><subfield code="a">Vol. 17, no. 832 (Jan. 7, 1837)-v. 17, no. 882 (Dec. 29, 1837) = New. ser., v. 1, no. 1-v. 1, no. 52.</subfield></datafield><datafield ind1=" " ind2=" " tag="500"><subfield code="a">Published and printed by John H. Harris, Apr. 1-Dec. 29, 1837.</subfield></datafield><datafield ind1=" " ind2=" " tag="500"><subfield code="a">Editor: J. Spofford, 1837.</subfield></datafield><datafield ind1=" " ind2="0" tag="651"><subfield code="a">Haverhill (Mass.)</subfield><subfield code="v">Newspapers.</subfield></datafield><datafield ind1=" " ind2="0" tag="651"><subfield code="a">Essex County (Mass.)</subfield><subfield code="v">Newspapers.</subfield></datafield><datafield ind1=" " ind2="7" tag="651"><subfield code="a">Massachusetts</subfield><subfield code="z">Essex County.</subfield><subfield code="2">fast</subfield><subfield code="0">(OCoLC)fst01205527</subfield></datafield><datafield ind1=" " ind2="7" tag="651"><subfield code="a">Massachusetts</subfield><subfield code="z">Haverhill.</subfield><subfield code="2">fast</subfield><subfield code="0">(OCoLC)fst01218279</subfield></datafield><datafield ind1=" " ind2="7" tag="655"><subfield code="a">Newspapers.</subfield><subfield code="2">fast</subfield><subfield code="0">(OCoLC)fst01423814</subfield></datafield><datafield ind1="1" ind2=" " tag="700"><subfield code="a">Spofford, Jeremiah,</subfield><subfield code="d">1787-1880.</subfield></datafield><datafield ind1="1" ind2=" " tag="700"><subfield code="a">Harris, John Holmes,</subfield><subfield code="d">1803-</subfield></datafield><datafield ind1=" " ind2=" " tag="752"><subfield code="a">United States</subfield><subfield code="b">Massachusetts</subfield><subfield code="c">Essex</subfield><subfield code="d">Haverhill.</subfield></datafield><datafield ind1="0" ind2="0" tag="780"><subfield code="t">Essex gazette (Haverhill, Mass. : 1827)</subfield><subfield code="x">2575-9477</subfield><subfield code="w">(DLC)sn 83020522</subfield><subfield code="w">(OCoLC)9380672</subfield></datafield><datafield ind1="0" ind2="0" tag="785"><subfield code="t">Haverhill Essex gazette</subfield><subfield code="x">2575-9515</subfield><subfield code="w">(DLC)sn 83020524</subfield><subfield code="w">(OCoLC)9381332</subfield></datafield><datafield ind1="1" ind2=" " tag="029"><subfield code="a">AU@</subfield><subfield code="b">000020122726</subfield></datafield></record>